J. Maldacena, “The Large N Limit of Superconformal Field Theories and Supergravity”,
Adv.Theor.Math.Phys. 2 (1998) 231-252, hep-th/9711200.
@article{Maldacena97,
    author = "Maldacena, Juan Martin",
    title = "{The Large $N$ limit of superconformal field theories and supergravity}",
    eprint = "hep-th/9711200",
    archivePrefix = "arXiv",
    reportNumber = "HUTP-97-A097, HUTP-98-A097",
    doi = "10.4310/ATMP.1998.v2.n2.a1",
    journal = "Adv. Theor. Math. Phys.",
    volume = "2",
    pages = "231--252",
    year = "1998"
}

S. S. Gubser, I. R. Klebanov, and A. M. Polyakov, “Gauge theory correlators from
non-critical string theory,” Phys. Lett. B428 (1998) 105–114, hep-th/9802109.
@article{Gubser98,
    author = "Gubser, S. S. and Klebanov, Igor R. and Polyakov, Alexander M.",
    title = "{Gauge theory correlators from noncritical string theory}",
    eprint = "hep-th/9802109",
    archivePrefix = "arXiv",
    reportNumber = "PUPT-1767",
    doi = "10.1016/S0370-2693(98)00377-3",
    journal = "Phys. Lett. B",
    volume = "428",
    pages = "105--114",
    year = "1998"
}

E. Witten, “Anti-de Sitter space and holography,” Adv. Theor. Math. Phys. 2 (1998)
253–291, hep-th/9802150.
@article{Witten98,
    author = "Witten, Edward",
    title = "{Anti de Sitter space and holography}",
    eprint = "hep-th/9802150",
    archivePrefix = "arXiv",
    reportNumber = "IASSNS-HEP-98-15",
    doi = "10.4310/ATMP.1998.v2.n2.a2",
    journal = "Adv. Theor. Math. Phys.",
    volume = "2",
    pages = "253--291",
    year = "1998"
}

@article{Aharony99,
    author = "Aharony, Ofer and Gubser, Steven S. and Maldacena, Juan Martin and Ooguri, Hirosi and Oz, Yaron",
    title = "{Large N field theories, string theory and gravity}",
    eprint = "hep-th/9905111",
    archivePrefix = "arXiv",
    reportNumber = "CERN-TH-99-122, HUTP-99-A027, LBNL-43113, RU-99-18, UCB-PTH-99-16, LBL-43113",
    doi = "10.1016/S0370-1573(99)00083-6",
    journal = "Phys. Rept.",
    volume = "323",
    pages = "183--386",
    year = "2000"
}

S. de Haro, S. N. Solodukhin, and K. Skenderis, “Holographic reconstruction of spacetime
and renormalization in the AdS/CFT correspondence,” Commun. Math. Phys. 217 (2001)
595–622, hep-th/0002230.
@article{deHaro00,
    author = "de Haro, Sebastian and Solodukhin, Sergey N. and Skenderis, Kostas",
    title = "{Holographic reconstruction of space-time and renormalization in the AdS / CFT correspondence}",
    eprint = "hep-th/0002230",
    archivePrefix = "arXiv",
    reportNumber = "SPIN-2000-05, ITP-UU-00-03, PUTP-1921",
    doi = "10.1007/s002200100381",
    journal = "Commun. Math. Phys.",
    volume = "217",
    pages = "595--622",
    year = "2001"
}

@article{Policastro01,
    author = "Policastro, G. and Son, Dan T. and Starinets, Andrei O.",
    title = "{The Shear viscosity of strongly coupled N=4 supersymmetric Yang-Mills plasma}",
    eprint = "hep-th/0104066",
    archivePrefix = "arXiv",
    reportNumber = "NYU-TH-01-04-02, SNS-PH-01-05",
    doi = "10.1103/PhysRevLett.87.081601",
    journal = "Phys. Rev. Lett.",
    volume = "87",
    pages = "081601",
    year = "2001"
}

@article{Bousso02,
    author = "Bousso, Raphael",
    title = "{The Holographic principle}",
    eprint = "hep-th/0203101",
    archivePrefix = "arXiv",
    reportNumber = "NSF-ITP-02-17, NSF-ITP-02-17",
    doi = "10.1103/RevModPhys.74.825",
    journal = "Rev. Mod. Phys.",
    volume = "74",
    pages = "825--874",
    year = "2002"
}

@article{Kovtun04,
    author = "Kovtun, P. and Son, Dan T. and Starinets, Andrei O.",
    title = "{Viscosity in strongly interacting quantum field theories from black hole physics}",
    eprint = "hep-th/0405231",
    archivePrefix = "arXiv",
    reportNumber = "INT-PUB-04-09, UW-PT-04-04",
    doi = "10.1103/PhysRevLett.94.111601",
    journal = "Phys. Rev. Lett.",
    volume = "94",
    pages = "111601",
    year = "2005"
}

@article{PHENIX06,
    author = "Adare, A. and others",
    collaboration = "PHENIX",
    title = "{Energy Loss and Flow of Heavy Quarks in Au+Au Collisions at s(NN)**(1/2) = 200-GeV}",
    eprint = "nucl-ex/0611018",
    archivePrefix = "arXiv",
    doi = "10.1103/PhysRevLett.98.172301",
    journal = "Phys. Rev. Lett.",
    volume = "98",
    pages = "172301",
    year = "2007"
}

@article{Hartnoll08a,
    author = "Hartnoll, Sean A. and Herzog, Christopher P. and Horowitz, Gary T.",
    title = "{Building a Holographic Superconductor}",
    eprint = "0803.3295",
    archivePrefix = "arXiv",
    primaryClass = "hep-th",
    reportNumber = "NSF-KITP-08-38, PUPT-2261",
    doi = "10.1103/PhysRevLett.101.031601",
    journal = "Phys. Rev. Lett.",
    volume = "101",
    pages = "031601",
    year = "2008"
}

@article{Hartnoll08b,
    author = "Hartnoll, Sean A. and Herzog, Christopher P. and Horowitz, Gary T.",
    title = "{Holographic Superconductors}",
    eprint = "0810.1563",
    archivePrefix = "arXiv",
    primaryClass = "hep-th",
    doi = "10.1088/1126-6708/2008/12/015",
    journal = "JHEP",
    volume = "12",
    pages = "015",
    year = "2008"
}

@article{Herzog10,
    author = "Herzog, Christopher P.",
    title = "{An Analytic Holographic Superconductor}",
    eprint = "1003.3278",
    archivePrefix = "arXiv",
    primaryClass = "hep-th",
    doi = "10.1103/PhysRevD.81.126009",
    journal = "Phys. Rev. D",
    volume = "81",
    pages = "126009",
    year = "2010"
}

@book{Ammon15,
    author = "Ammon, Martin and Erdmenger, Johanna",
    title = "{Gauge/gravity duality}: {Foundations and applications}",
    doi = "10.1017/CBO9780511846373",
    isbn = "978-1-107-01034-5, 978-1-316-23594-2",
    publisher = "Cambridge University Press",
    address = "Cambridge",
    month = "4",
    year = "2015"
}

@article{Natsuume18,
    author = "Natsuume, Makoto and Okamura, Takashi",
    title = "{Holographic Lifshitz superconductors: Analytic solution}",
    eprint = "1801.03154",
    archivePrefix = "arXiv",
    primaryClass = "hep-th",
    reportNumber = "KEK-TH-2028",
    doi = "10.1103/PhysRevD.97.066016",
    journal = "Phys. Rev. D",
    volume = "97",
    number = "6",
    pages = "066016",
    year = "2018"
}

@book{Yoneya21,
    author    = "米谷, 民明",
    title     = "究極理論への道 : 力・時空・物質の起源を求めて",
    publisher = "岩波書店",
    year      = "2021",
    URL       = "https://www.iwanami.co.jp/book/b591605.html"
}

@article{Natsuume22,
    title = {Holographic Meissner effect},
    author = {Natsuume, Makoto and Okamura, Takashi},
    journal = {Phys. Rev. D},
    volume = {106},
    issue = {8},
    pages = {086005},
    numpages = {15},
    year = {2022},
    month = {Oct},
    publisher = {American Physical Society},
    doi = {10.1103/PhysRevD.106.086005},
    url = {https://link.aps.org/doi/10.1103/PhysRevD.106.086005}
}

@book{夏梅SGC,
    author    = {夏梅 誠},
    title     = {超弦理論の応用},
    series    = {SGCライブラリ},
    number    = {93},
    publisher = {サイエンス社},
    year      = {2012}
}